@Article{Kasagi2009a,
  Title                    = {Microelectromechanical systems-based feedback control of turbulence for skin friction reduction},
  Author                   = {Kasagi, N. and Suzuki, Y. and Fukagata, K.},
  Journal                  = {Annual Review of Fluid Mechanics},
  Year                     = {2009},
  Pages                    = {231 - 251},
  Volume                   = {41},
  doi = {10.1146/annurev.fluid.010908.165221}
}


@PhdThesis{Talluru2014a,
	Title                    = {Manipulating large-scale structures in a turbulent boundary layer using a wall-normal jet},
	Author                   = {Talluru, M. K.},
	School                   = {The University of Melbourne},
	Year                     = {2014},
}


@ARTICLE{Balachandar2010a,
	author = {Balachandar, S. and Eaton, J. K.},
	title = {Turbulent Dispersed Multiphase Flow},
	journal = {Annual Review of Fluid Mechanics},
	year = {2010},
	volume = {42},
	pages = {111-133},
	number = {1},
	doi = {10.1146/annurev.fluid.010908.165243},
}

@ARTICLE{Li2012a,
	author = {Li, J. and Wang, H. and Liu, Z. and Chen, S. and Zheng, C.},
	title = {An experimental study on turbulence modification in the near-wall
	boundary layer of a dilute gas-particle channel flow},
	journal = {Experiments in Fluids},
	year = {2012},
	volume = {53},
	pages = {1385 - 1403},
	number = {5},
	doi= {10.1007/s00348-012-1364-7},
}

@ARTICLE{Hwang2006a,
	author = {Hwang, W. and Eaton, J. K.},
	title = {Homogeneous and isotropic turbulence modulation by small heavy ({S}t $\sim
	50$) particles},
	journal = {Journal of Fluid Mechanics},
	year = {2006},
	volume = {564},
	pages = {361--393},
	month = {10},
	doi = {10.1017/S0022112006001431},
}

@ARTICLE{Guha2008a,
	author = {Guha, A.},
	title = {Transport and deposition of particles in turbulent and laminar flow},
	journal = {Annual Review of Fluid Mechanics},
	year = {2008},
	volume = {40},
	pages = {311 - 341},
	doi= {10.1146/annurev.fluid.40.111406.102220},
}

@ARTICLE{Hout2011a,
	author = {van Hout, R.},
	title = {Time-resolved {PIV} measurements of the interaction of polystyrene
	beads with near-wall-coherent structures in a turbulent channel flow},
	journal = {International Journal of Multiphase Flow},
	year = {2011},
	volume = {37},
	pages = {346 - 357},
	number = {4},
	doi= {10.1016/j.ijmultiphaseflow.2010.11.004},
}

@ARTICLE{Zhao2010a,
	author = {Zhao, L. H. and Andersson, H. I. and Gillissen, J. J. J.},
	title = {Turbulence modulation and drag reduction by spherical particles},
	journal = {Physics of Fluids},
	year = {2010},
	volume = {22},
	number = {8},
	doi= {10.1063/1.3478308},
}

@ARTICLE{Rauleder2014a,
	author = {Rauleder, J. and Leishman, J. G.},
	title = {Particle--fluid interactions in rotor--generated vortex flows},
	journal = {Experiments in Fluids},
	year = {2014},
	volume = {55},
	pages = {1-15},
	number = {3},
	doi= {10.1007/s00348-014-1689-5},
}

@article{Annen2003a,
	title={The impact of volcanic eruptions during the 1990s},
	author={Annen, C. and Wagner, J.-J.},
	journal={Natural Hazards Review},
	volume={4},
	number={4},
	pages={169--175},
	year={2003},
	publisher={American Society of Civil Engineers},
	doi={10.1061/(ASCE)1527-6988(2003)4:4(169)}
}

@ARTICLE{Hoef2008a,
	author = {van der Hoef, M. A. and van Sint, A. M. and Deen, N. G. and Kuipers,
	J. A. M.},
	title = {Numerical simulation of dense gas-solid fluidized beds: A multiscale
	modeling strategy},
	journal = {Annual Review of Fluid Mechanics},
	year = {2008},
	volume = {40},
	pages = {47 - 70},
	doi= {10.1146/annurev.fluid.40.111406.102130},
}

@ARTICLE{Bourouiba2014a,
	author = {Bourouiba, L. and Dehandschoewercker, E. and Bush, J. W. M.},
	title = {Violent expiratory events: on coughing and sneezing},
	journal = {Journal of Fluid Mechanics},
	year = {2014},
	volume = {745},
	pages = {537--563},
	month = {4},
	doi = {10.1017/jfm.2014.88}, 
}

@ARTICLE{Ganapathisubramani2012a,
	author = {Ganapathisubramani, B. and Hutchins, N. and Monty, J. P. and Chung,
	D. and Marusic, I.},
	title = {Amplitude and frequency modulation in wall turbulence},
	journal = {Journal of Fluid Mechanics},
	year = {2012},
	volume = {712},
	pages = {61 - 91},
	doi = {10.1017/jfm.2012.398}
}

@ARTICLE{Talluru2014b,
	author = {Talluru, K. M. and Baidya, R. and Hutchins, N. and Marusic, I.},
	title = {Amplitude modulation of all three velocity components in turbulent
	boundary layers},
	journal = {Journal of Fluid Mechanics},
	year = {2014},
	volume = {746},
	month = {5},
	doi = {10.1017/jfm.2014.132} 
}

@ARTICLE{Mathis2009a,
	author = {Mathis, R. and Hutchins, N. and Marusic, I.},
	title = {Large-scale amplitude modulation of the small-scale structures in
	turbulent boundary layers},
	journal = {Journal of Fluid Mechanics},
	year = {2009},
	volume = { 628},
	pages = {311 - 37},
	doi = {10.1017/S0022112009006946}
}

@ARTICLE{Hutchins2007b,
	author = {Hutchins, N. and Marusic, I.},
	title = {Evidence of very long meandering features in the logarithmic region
	of turbulent boundary layers},
	journal = {Journal of Fluid Mechanics},
	year = {2007},
	volume = {579},
	pages = {1 - 28},
	doi = {10.1017/S0022112006003946}
}

@ARTICLE{Marusic2010c,
	author = {Marusic, I. and Mathis, R. and Hutchins, N.},
	title = {High {Reynolds} number effects in wall turbulence},
	journal = {International Journal of Heat and Fluid Flow},
	year = {2010},
	volume = {31},
	pages = {418--428},
	number = {3},
	doi = {10.1016/j.ijheatfluidflow.2010.01.005},
}

@ARTICLE{Marusic2010b,
	author = {Marusic, I. and McKeon, B. J. and Monkewitz, P. A. and Nagib, H. M. and Smits,
	A. J. and Sreenivasan, K. R.},
	title = {Wall-bounded turbulent flows at high {Reynolds} numbers: Recent advances
	and key issues},
	journal = {Physics of Fluids},
	year = {2010},
	volume = {22},
	pages = {065103},
	doi = {10.1063/1.3453711},
}


@ARTICLE{Smits2011a,
	author = {Smits, A. J. and McKeon, B. J. and Marusic, I.},
	title = {High-{Reynolds} Number Wall Turbulence},
	journal = {Annual Review of Fluid Mechanics},
	year = {2011},
	volume = { 43},
	pages = {353 - 75},
	doi = {10.1146/annurev-fluid-122109-160753}
}

@ARTICLE{Klewicki2010a,
	author = {Klewicki, J. C.},
	title = {{Reynolds} number dependence, scaling, and dynamics of turbulent boundary
	layers},
	journal = {Journal of Fluids Engineering, Transactions of the ASME},
	year = {2010},
	volume = {132},
	number = {9},
	doi = {10.1115/1.4002167}
}

@ARTICLE{Monty2009a,
	author = {Monty, J. P. and Hutchins, N. and Ng, H. C. H. and Marusic, I. and Chong, M. S.},
	title = {A comparison of turbulent pipe, channel and boundary layer flows},
	journal = {Journal of Fluid Mechanics},
	year = {2009},
	volume = {632},
	pages = {431 - 442},
	doi = {10.1017/S0022112009007423}
}


@ARTICLE{Gualtieri2013a,
	author = {Gualtieri, P. and Picano, F. and Sardina, G. and Casciola, C. M.},
	title = {Clustering and turbulence modulation in particle-laden shear flows},
	journal = {Journal of Fluid Mechanics},
	year = {2013},
	volume = {715},
	pages = {134 - 162},
	doi = {10.1017/jfm.2012.503}
}


@ARTICLE{Agostini2014a,
	author = {Agostini, L. and Leschziner, M. A.},
	title = {On the influence of outer large-scale structures on near-wall turbulence
	in channel flow},
	journal = {Physics of Fluids},
	year = {2014},
	volume = {26},
	pages = {-},
	number = {7},
	doi = {10.1063/1.4890745}, 
}

@ARTICLE{Rauleder2014b,
	author = {Rauleder, J. and Leishman, J. G.},
	title = {Flow environment and organized turbulence structures near a plane
	below a rotor},
	journal = {AIAA Journal},
	year = {2014},
	volume = {52},
	pages = {146 - 161},
	number = {1},
	doi = {10.2514/1.J052315}
}

@book{Adrian2011a,
	title={Particle Image Velocimetry},
	author={Adrian, R. J. and Westerweel, J.},
	isbn={9780521440080},
	lccn={2010045675},
	series={Cambridge Aerospace Series},
	year={2011},
	publisher={Cambridge University Press}
}

@book{Raffel2007a,
	title={Particle Image Velocimetry: A Practical Guide},
	author={Raffel, M. and Willert, C. E. and Wereley, S. T. and Kompenhans, J.},
	isbn={9783540723080},
	lccn={2007928306},
	series={Experimental Fluid Mechanics},
	year={2007},
	publisher={Springer}
}

@ARTICLE{Tanaka2010a,
	author = {Tanaka, T. and Eaton, J. K.},
	title = {Sub-{Kolmogorov} resolution partical image velocimetry measurements
	of particle-laden forced turbulence},
	journal = {Journal of Fluid Mechanics},
	year = {2010},
	volume = {643},
	pages = {177 - 206},
	doi = {10.1017/S0022112009992023}
}

@Article{Hutchins2015a,
	Title                    = {A direct measure of the frequency response of hot-wire anemometers: temporal resolution issues in wall-bounded turbulence},
	Author                   = {Hutchins, N. and Monty, J. P. and Hultmark, M. and Smits, A. J.},
	Journal                  = {Experiments in Fluids},
	Year                     = {2015},
	Number                   = {1},
	Volume                   = {56},
	doi                      = {10.1007/s00348-014-1856-8}
}

@ARTICLE{Tsuji1982a,
	author = {Tsuji, Y. and Morikawa, Y.},
	title = {{LDV} measurements of an air-solid two-phase flow in a horizontal pipe},
	journal = {Journal of Fluid Mechanics},
	year = {1982},
	volume = {120},
	pages = {385--409},
	doi = {10.1017/S002211208200281X},
}

@PHDTHESIS{Paris2001a,
	author = {Paris, A. D.},
	title = {Turbulence attenuation in a particle-laden channel flow},
	year = {2001},
	school = {Stanford University},
}

@ARTICLE{Tsuji1984a,
	author = {Tsuji, Y. and Morikawa, Y. and Shiomi, H.},
	title = {{LDV} measurements of an air-solid two-phase flow in a vertical pipe},
	journal = {Journal of Fluid Mechanics},
	year = {1984},
	volume = {139},
	pages = {417--434},
	doi = {10.1017/S0022112084000422},
}

@ARTICLE{Kulick1994a,
	author = {Kulick, J. D. and Fessler, J. R. and Eaton, J. K.},
	title = {Particle response and turbulence modification in fully developed
	channel flow},
	journal = {Journal of Fluid Mechanics},
	year = {1994},
	volume = {277},
	pages = {109 - 134},
	doi = {10.1017/S0022112094002703},
}

@article{Kussin2002a,
	year={2002},
	journal={Experiments in Fluids},
	volume={33},
	number={1},
	doi={10.1007/s00348-002-0485-9},
	title={Experimental studies on particle behaviour and turbulence modification in horizontal channel flow with different wall roughness},
	publisher={Springer-Verlag},
	author={Kussin, J. and Sommerfeld, M.},
	pages={143-159},
	language={English}
}

@ARTICLE{Bagchi2002a,
	author = {Bagchi, P. and Balachandar, S.},
	title = {Steady planar straining flow past a rigid sphere at moderate {Reynolds}
	number},
	journal = {Journal of Fluid Mechanics},
	year = {2002},
	volume = {466},
	pages = {365--407},
	doi = {10.1017/S0022112002001490},
}

@ARTICLE{Bagchi2003a,
	author = {Bagchi, P. and Balachandar, S.},
	title = {Effect of turbulence on the drag and lift of a particle},
	journal = {Physics of Fluids },
	year = {2003},
	volume = {15},
	pages = {3496-3513},
	number = {11},
	doi = {10.1063/1.1616031},
}

@ARTICLE{Chamecki2011a,
	author = {Chamecki, M. and Meneveau, C.},
	title = {Particle boundary layer above and downstream of an area source: scaling,
	simulations, and pollen transport},
	journal = {Journal of Fluid Mechanics},
	year = {2011},
	volume = {683},
	pages = {1-26},
	doi = {10.1017/jfm.2011.243},
}

@ARTICLE{Jenkins2013a,
	author = {Charles, M. J. and Robert, C. R. and Chang-Yu, W. and Yasuyuki, H. and Kevin, P. and William, H. W.},
	title = {Explosively driven particle fields imaged using a high speed framing
	camera and particle image velocimetry },
	journal = {International Journal of Multiphase Flow },
	year = {2013},
	volume = {51},
	pages = {73 - 86},
	number = {0},
	doi = {10.1016/j.ijmultiphaseflow.2012.08.008},
}

@ARTICLE{Mathis2009b,
	author = {Mathis, R. and Monty, J. P. and Hutchins, N. and Marusic, I.},
	title = {Comparison of large-scale amplitude modulation in turbulent boundary
	layers, pipes, and channel flows},
	journal = {Physics of Fluids},
	year = {2009},
	volume = {21},
	pages = {1 - 4},
	number = {11},
	doi = {10.1063/1.3267726}
}

@ARTICLE{Mathis2011b,
	author = {Mathis, R. and Hutchins, N. and Marusic, I.},
	title = {A predictive inner-outer model for streamwise turbulence statistics
	in wall-bounded flows},
	journal = {Journal of Fluid Mechanics},
	year = {2011},
	volume = {681},
	pages = {537 - 566},
	doi = {10.1017/jfm.2011.216}
}

@ARTICLE{Marusic2010a,
	author = {Marusic, I. and Mathis, R. and Hutchins, N.},
	title = {Predictive Model for Wall-Bounded Turbulent Flow},
	journal = {Science},
	year = {2010},
	volume = {329},
	pages = {193-196},
	number = {5988},
	doi = {10.1126/science.1188765},  
}

@CONFERENCE{Cabrit2013a,
	author = {Cabrit, O. and Mathis, R. and Marusic, I.},
	title = {On the fundamental fluctuating wall-shear stress},
	booktitle = {Proc. Turbulence and Shear Flow Phenomena 8, Poitiers, France.},
	year = {2013},
	file = {Cabrit2013a.pdf:TurbBoundaryLayer\\Cabrit2013a.pdf:PDF}
}

@ARTICLE{Mathis2013a,
	author = {Mathis, R. and Marusic, I. and Chernyshenko, S. I. and Hutchins, N.},
	title = {Estimating wall-shear-stress fluctuations given an outer region input},
	journal = {Journal of Fluid Mechanics},
	year = {2013},
	volume = {715},
	pages = {163--180},
	doi = {10.1017/jfm.2012.508},
}

@article{Gore1989a,
	title = "Effect of particle size on modulating turbulent intensity ",
	journal = "International Journal of Multiphase Flow ",
	volume = "15",
	number = "2",
	pages = "279 - 285",
	year = "1989",
	note = "",
	doi = "10.1016/0301-9322(89)90076-1",
	author = "Gore, R. A. and Crowe, C. T."
}

@ARTICLE{Vaillancourt2000a,
	author = {Vaillancourt, P. A. and Yau, M. K.},
	title = {Review of particle-turbulence interactions and consequences for cloud
	physics},
	journal = {Bulletin of the American Meteorological Society},
	year = {2000},
	volume = {81},
	pages = {285--298},
	number = {2},
	doi = {10.1175/1520-0477(2000)081<0285:ROPIAC>2.3.CO;2},
	file = {Vaillancourt2000a.pdf:TwoPhase\\Vaillancourt2000a.pdf:PDF}
}

@ARTICLE{Shaw2003a,
	author = {Shaw, R. A.},
	title = {Particle-turbulence interactions in atmospheric clouds},
	journal = {Annual Review of Fluid Mechanics},
	year = {2003},
	volume = {35},
	pages = {183--227},
	number = {1},
	doi = {10.1146/annurev.fluid.35.101101.161125},
}

@ARTICLE{Sardina2012a,
	author = {Sardina, G. and Schlatter, P. and Brandt, L. and Picano, F.
	and Casciola, C. M.},
	title = {Wall accumulation and spatial localization in particle-laden wall
	flows},
	journal = {Journal of Fluid Mechanics},
	year = {2012},
	volume = {699},
	pages = {50--78},
	doi = {10.1017/jfm.2012.65},
}

@ARTICLE{Bijlard2010a,
	author = {Bijlard, M. J. and Oliemans, R. V. A. and Portela, L. M. and Ooms, G.},
	title = {Direct numerical simulation analysis of local flow topology in a
	particle-laden turbulent channel flow},
	journal = {Journal of Fluid Mechanics},
	year = {2010},
	volume = {653},
	pages = {35 - 56},
	doi = {10.1017/S0022112010000169}
}

@ARTICLE{Dritselis2011a,
	author = {Dritselis, C. D. and Vlachos, N. S.},
	title = {Numerical investigation of momentum exchange between particles and
	coherent structures in low {Re} turbulent channel flow},
	journal = {Physics of Fluids},
	year = {2011},
	volume = {23},
	number = {2},
	doi = {10.1063/1.3553292}
}

@ARTICLE{Eaton2009a,
	author = {Eaton, J. K.},
	title = {Two-way coupled turbulence simulations of gas-particle flows using
	point-particle tracking},
	journal = {International Journal of Multiphase Flow},
	year = {2009},
	volume = {35},
	pages = {792 - 800},
	number = {9},
	doi = {10.1016/j.ijmultiphaseflow.2009.02.009},
}

@ARTICLE{Bellani2012a,
	author = {Bellani, G. and Byron, M. L. and Collignon, A. G. and Meyer, C. R. and Variano, E. A.},
	title = {Shape effects on turbulent modulation by large nearly neutrally buoyant particles},
	journal = {Journal of Fluid Mechanics},
	year = {2012},
	volume = {712},
	pages = {41-60},
	doi = {10.1017/jfm.2012.393},
}

@ARTICLE{Lucci2011a,
	author = {Lucci, F. and Ferrante, A. and Elghobashi, S.},
	title = {Is Stokes number an appropriate indicator for turbulence modulation
	by particles of Taylor-length-scale size?},
	journal = {Physics of Fluids },
	year = {2011},
	volume = {23},
	pages = {025101},
	number = {2},
	doi = {10.1063/1.3553279},
}

@ARTICLE{Poelma2006a,
	author = {Poelma, C. and Ooms, G.},
	title = {Particle-turbulence interaction in a homogeneous, isotropic turbulent
	suspension},
	journal = {Applied Mechanics Reviews},
	year = {2006},
	volume = {59},
	pages = {78--90},
	number = {2},
	doi = {10.1115/1.2130361},
}

@ARTICLE{Poelma2007a,
	author = {Poelma, C. and Westerweel, J. and Ooms, G.},
	title = {Particle-fluid interactions in grid-generated turbulence},
	journal = {Journal of Fluid Mechanics},
	year = {2007},
	volume = {589},
	pages = {315--351},
	number = {1},
	doi = {10.1017/S0022112007007793},
}

@ARTICLE{Tanaka2008a,
	author = {Tanaka, T. and Eaton, J. K.},
	title = {Classification of turbulence modification by dispersed spheres using
	a novel dimensionless number},
	journal = {Physical Review Letters},
	year = {2008},
	volume = {101},
	number = {11},
	doi = {10.1103/PhysRevLett.101.114502}
}

@ARTICLE{Ferrante2003a,
	author = {Ferrante, A. and Elghobashi, S.},
	title = {On the physical mechanisms of two-way coupling in particle-laden
	isotropic turbulence},
	journal = {Physics of Fluids },
	year = {2003},
	volume = {15},
	pages = {315-329},
	number = {2},
	doi = {10.1063/1.1532731},
}

@incollection{Marusic2012a,
	author = "Marusis, I. and Adrian, R. J.",
	editor = "Peter A. Davidson and Yukio Kaneda and Katepalli R. Sreenivasan",
	title = {The Eddies and Scales of Wall Turbulence}, 
	booktitle = {Ten Chapters in Turbulence}, 
	publisher = {Cambridge University Press}, 
	year = {2012},
	pages = {176--220},
	isbn = {9781139032810}, 
	doi = {10.1017/CBO9781139032810.006}
}

@ARTICLE{Herpin2013a,
	author = {Herpin, S. and Stanislas, M. and Foucaut, J. M. and Coudert, S.},
	title = {Influence of the {Reynolds} number on the vortical structures in the
	logarithmic region of turbulent boundary layers},
	journal = {Journal of Fluid Mechanics},
	year = {2013},
	volume = {716},
	pages = {5--50},
	month = {1},
	doi = {10.1017/jfm.2012.491},
}

@ARTICLE{DeSilva2014a,
	author = {De Silva, C. M. and Gnanamanickam, E. P. and Atkinson, C. and Buchmann,
	N. A. and Hutchins, N. and Soria, J. and Marusic, I.},
	title = {High spatial range velocity measurements in a high {Reynolds} number
	turbulent boundary layer},
	journal = {Physics of Fluids},
	year = {2014},
	volume = {26},
	pages = {025117},
	number = {2},
	doi = {10.1063/1.4866458},
}

@book{Perry1982a,
	title={Hot-wire anemometry},
	author={Perry, A. E.},
	isbn={9780198563273},
	lccn={82180121},
	series={Oxford science publications},
	year={1982},
	publisher={Clarendon Press}
}

@ARTICLE{Khalitov2002a,
	author = {Khalitov, D. A. and Longmire, E. K.},
	title = {Simultaneous two-phase {PIV} by two-parameter phase discrimination},
	journal = {Experiments in Fluids},
	year = {2002},
	volume = {32},
	pages = {252-268},
	number = {2},
	doi = {10.1007/s003480100356},
	
}

@ARTICLE{Hout2013a,
	author = {Hout, V. R.},
	title = {Spatially and temporally resolved measurements of bead resuspension
	and saltation in a turbulent water channel flow},
	journal = {Journal of Fluid Mechanics},
	year = {2013},
	volume = {715},
	pages = {389 - 423},
	doi = {10.1017/jfm.2012.525}
}

@ARTICLE{Soldati2009a,
	author = {Soldati, A. and Marchioli, C.},
	title = {Physics and modelling of turbulent particle deposition and entrainment:
	Review of a systematic study},
	journal = {International Journal of Multiphase Flow},
	year = {2009},
	volume = {35},
	pages = {827 - 839},
	number = {9},
	doi = {10.1016/j.ijmultiphaseflow.2009.02.016}
}

@ARTICLE{Launder1981a,
	author = {Launder, B. E. and Rodi, W.},
	title = {The turbulent wall jet},
	journal = {Progress in Aerospace Sciences},
	year = {1981},
	volume = {19},
	pages = {81-128},
	abstract = {none},
	doi = {10.1016/0376-0421(79)90002-2},
	file = {Launder1981a.pdf:WallJets/TwoDimensional/Launder1981a.pdf:PDF}
}

@ARTICLE{Launder1983a,
	author = {Launder, B. E. and Rodi, W.},
	title = {The turbulent wall jet measurements and modeling},
	journal = {Annual Review of Fluid Mechanics},
	year = {1983},
	volume = {15},
	pages = {429--459},
	number = {1},
	doi = {10.1146/annurev.fl.15.010183.002241},
	file = {Launder1983a.pdf:WallJets\\Launder1983a.pdf:PDF},
	publisher = {Annual Reviews 4139 El Camino Way, PO Box 10139, Palo Alto, CA 94303-0139,
	USA}
}

@ARTICLE{Wygnanski1992a,
	author = {Wygnanski, I. and Katz, Y. and Horev, E.},
	title = {On the applicability of various scaling laws to the turbulent wall
	jet},
	journal = {Journal of Fluid Mechanics},
	year = {1992},
	volume = { 234},
	pages = {669 - 90},
	doi = {10.1017/S002211209200096X},
}

@PHDTHESIS{Eriksson2003a,
	author = {Eriksson, Jan},
	title = {Experimental studies of the plane turbulent wall jet},
	school = {Royal Institute of Technology, Stockholm, Sweeden},
	year = {2003},
	month = {June},
	file = {Eriksson2003a.pdf:WallJets/TwoDimensional/Eriksson2003a.pdf:PDF}
}

@ARTICLE{He2002a,
	author = {He, S. and Xu, Z. and Jackson, J. D.},
	title = {An experimental investigation of buoyancy-opposed wall jet flow},
	journal = {International Journal of Heat and Fluid Flow},
	year = {2002},
	volume = {23},
	pages = {487 - 496},
	number = {4},
	doi = {10.1016/S0142-727X(01)00152-7},
}



@ARTICLE{Pouransari2013a,
	author = {Pouransari, Z. and Vervisch, L. and Johansson, A. V.},
	title = {Heat release effects on mixing scales of non-premixed turbulent wall-jets:
	A direct numerical simulation study },
	journal = {International Journal of Heat and Fluid Flow},
	year = {2013},
	volume = {40},
	pages = {65 - 80},
	number = {0},
	doi = {10.1016/j.ijheatfluidflow.2012.12.005},
}

@ARTICLE{Pouransari2011a,
	author = {Pouransari, Z. and Brethouwer, G. and Johansson, A. V.},
	title = {Direct numerical simulation of an isothermal reacting turbulent wall-jet},
	journal = {Physics of Fluids },
	year = {2011},
	volume = {23},
	pages = {-},
	number = {8},
	eid = {085104},
	doi = {10.1063/1.3622774},
}

@ARTICLE{Ahlman2007a,
	author = {Ahlman, D. and Brethouwer, G. and Johansson, A. V.},
	title = {Direct numerical simulation of a plane turbulent wall-jet including
	scalar mixing},
	journal = {Physics of Fluids},
	year = {2007},
	volume = {19},
	number = {6},
	doi = {10.1063/1.2732460},
}

@ARTICLE{Hogg1997a,
	author = {Hogg, A. J. and Huppert, H. E. and Dade, W. B.},
	title = {Erosion by planar turbulent wall jets},
	journal = {Journal of Fluid Mechanics},
	year = {1997},
	volume = {338},
	pages = {317--340},
	month = {5},
	doi = {10.1017/S0022112097005077},
}

@ARTICLE{Schober2000a,
	author = {Schober, M. and Femholz, H.-H.},
	title = {Turbulence control in wall jets},
	journal = {European Journal of Mechanics, B/Fluids},
	year = {2000},
	volume = { 19},
	pages = {503 - 28},
	number = { 4},
	doi = {10.1016/S0997-7546(00)00131-X},
}

@ARTICLE{Lai2000a,
	author = {Lai, J. C. S. and Lu, D.},
	title = {An inclined wall jet: Mean flow characteristics and effects of acoustic
	excitation},
	journal = {Experiments in Fluids},
	year = {2000},
	volume = {29},
	pages = {45 - 55},
	number = {1},
	doi = {10.1007/s003480050426},
}

@ARTICLE{Katz1992a,
	author = {Katz, Y. and Horev, E. and Wygnanski, I.},
	title = {The forced turbulent wall jet},
	journal = {Journal of Fluid Mechanics},
	year = {1992},
	volume = { 242},
	pages = {577 - 609},
	doi = {10.1017/S0022112092002507},
}

@ARTICLE{Zhou1996a,
	author = {Zhou, M. D. and Heine, C. and Wygnanski, I.},
	title = {The effects of excitation on the coherent and random motion in a
	plane wall jet},
	journal = {Journal of Fluid Mechanics},
	year = {1996},
	volume = { 310},
	pages = {1 - 37},
	doi = {10.1017/S0022112096001711},
}


@ARTICLE{Gnanamanickam2009a,
	author = {Gnanamanickam, E. P. and Lee, S. and Sullivan, J. P.
	and Chandrasekar, S.},
	title = {Direct measurement of large-strain deformation fields by particle
	tracking},
	journal = {Measurement Science and Technology},
	year = {2009},
	volume = {20},
	number = {9},
	doi = {10.1088/0957-0233/20/9/095710},
}

@ARTICLE{Murthy2012a,
	author = {Murthy, T. G. and Gnanamanickam, E. P. and Chandrasekar, S.},
	title = {Deformation field in indentation of a granular ensemble},
	journal = {Phys. Rev. E},
	year = {2012},
	volume = {85},
	pages = {061306},
	month = {Jun},
	doi = {10.1103/PhysRevE.85.061306},
}

@inproceedings{Gnanamanickam2007a,
	title={Direct measurement of large-strain deformation field in machining},
	author={Gnanamanickam, E. P. and Lee, S. and Sullivan, J. P. and Chandrasekar, S.},
	booktitle={Proceedings of the SEM Annual Conference and Exposition},
	volume={2},
	pages={1080--1087},
	year={2007},
}

@ARTICLE{Gnanamanickam2012a,
	author = {Gnanamanickam, E. P. and Sullivan, J. P.},
	title = {Manufacture of high aspect ratio micro-pillar wall shear stress sensor
	arrays},
	journal = {Journal of Micromechanics and Microengineering},
	year = {2012},
	volume = {22},
	number = {12},
	doi = {10.1088/0960-1317/22/12/125015},
}

@ARTICLE{Gnanamanickam2013a,
	author = {Gnanamanickam, E. P. and Nottebrock, B. and Gro{\textbeta}e, S. and
	Sullivan, J. P. and Schr\"{o}der, W.},
	title = {Measurement of turbulent wall shear-stress using micro-pillars},
	journal = {Measurement Science and Technology},
	year = {2013},
	volume = {24},
	pages = {124002},
	number = {12},
	doi = {10.1088/0957-0233/24/12/124002},
}

@ARTICLE{Gregory2009a,
	author = {Gregory, J. W. and Raghu, S. and Gnanamanickam, E. P. and Sullivan,
	J. P.},
	title = {Variable-frequency fluidic oscillator driven by a piezoelectric bender},
	journal = {AIAA Journal},
	year = {2009},
	volume = {47},
	pages = {2717 - 2725},
	number = {11},
	doi = {10.2514/1.44078},
}

@INCOLLECTION{Nugroho2014a,
	author = {Nugroho, B. and Gnanamanickam, E. and Kevin, K. and Monty,
	J. and Hutchins, N.},
	title = {Roll-modes generated in turbulent boundary layers with passive surface
	modifications},
	booktitle = {AIAA SciTech},
	publisher = {American Institute of Aeronautics and Astronautics},
	year = {2014},
	month = jan,
	doi = {10.2514/6.2014-0197},
}


@Misc{web1,
	title= {\url{http://www.airbus.com/company/environment/documentation/?docID=10262\&eID=dam_frontend_push}},
	year={2010},
}


@Misc{web2,
	title= {http://www.npr.org/sections/parallels/2015/05/15/406988063/colombia-will-end-coca-crop-dusting-citing-health-concerns},
	year = {2015},
}

@ARTICLE{Govindarajan2013a,
	author = {Govindarajan, B. and Leishman, J. G. and Gumerov, N. A.},
	title = {Particle-Clustering Algorithms for the Prediction of Brownout Dust
	Clouds},
	journal = {AIAA Journal},
	year = {2013},
	volume = {51},
	pages = {1080--1094},
	number = {5},
	month = feb,
	booktitle = {AIAA Journal},
	doi = {10.2514/1.J051907},
}

@ARTICLE{Syal2013a,
	author = {Syal, M. and Leishman, J. G.},
	title = {Modeling of Bombardment Ejections in the Rotorcraft Brownout Problem},
	journal = {AIAA Journal},
	year = {2013},
	volume = {51},
	pages = {849--866},
	number = {4},
	month = feb,
	booktitle = {AIAA Journal},
	doi = {10.2514/1.J051761},
}

@article{Kiger2014b,
	title={Scaling of sediment erosion rates for unsteady, nonequilibrium flows},
	author={Kiger, K. and Corfman, K. and Mulinti, R.},
	journal={Bulletin of the American Physical Society},
	volume={59},
	year={2014},
	publisher={APS},
	doi={http://meetings.aps.org/link/BAPS.2014.DFD.A32.8},
}

@article{Mlynarova2006a,
	title={Directed microspore-specific recombination of transgenic alleles to prevent pollen-mediated transmission of transgenes},
	author={Mlyn{\'a}rov{\'a}, L. and Conner, A. J. and Nap, J.},
	journal={Plant biotechnology journal},
	volume={4},
	number={4},
	pages={445--452},
	year={2006},
	doi = {10.1111/j.1467-7652.2006.00194.x},
}

@article{Kok2012a,
	doi = {10.1088/0034-4885/75/10/106901},
	year  = {2012},
	month = {sep},
	publisher = {{IOP} Publishing},
	volume = {75},
	number = {10},
	pages = {106901},
	author = {Kok, J. F. and Parteli, E. J. R. and Michaels. T. I. and Karam, D. B.},
	title = {The physics of wind-blown sand and dust},
	journal = {Reports on Progress in Physics}
}

@Article{Sovilla2015a,
	Title                    = {The structure of powder snow avalanches },
	Author                   = {Sovilla, B. and McElwaine, J. N. and Louge, M. Y.},
	Journal                  = {Comptes Rendus Physique },
	Year                     = {2015},
	Number                   = {1},
	Pages                    = {97 - 104},
	Volume                   = {16},
	Doi                      = {10.1016/j.crhy.2014.11.005},
}

@book{Greeley1987a,
	title={Wind as a Geological Process: On Earth, Mars, Venus and Titan},
	author={Greeley, R. and Iversen, J. D.},
	isbn={9780521359627},
	year={1987},
	publisher={Cambridge University Press}
}

@Article{Apte2003a,
	Title                    = {Large-eddy simulation of swirling particle-laden flows in a coaxial-jet combustor},
	Author                   = {Apte, S. V. and Mahesh, K. and Moin, P. and Oefelein, J. C.},
	Journal                  = {International Journal of Multiphase Flow},
	Year                     = {2003},
	Note                     = {Particle-laden flows;},
	Number                   = {8},
	Pages                    = {1311 - 1331},
	Volume                   = {29},
	doi                      = {10.1016/S0301-9322(03)00104-6}
}

@Article{Longmire1992a,
	Title                    = {Structure of a particle-laden round jet},
	Author                   = {Longmire, E. K. and Eaton, J. K.},
	Journal                  = {Journal of Fluid Mechanics},
	Year                     = {1992},
	Pages                    = {217--257},
	Volume                   = {236},
	doi = {10.1017/S002211209200140X },
}

@PhdThesis{Pothos2002b,
	Title                    = {Control of particles and turbulence using a piezoelectric actuator},
	Author                   = {Pothos, S.},
	School                   = {University of Minnesota},
	Year                     = {2002},
}

@InProceedings{Stentz2001a,
	author = {Stentz, A.},
	title = {Robotic technologies for outdoor industrial vehicles},
	booktitle  = {Proceedings of SPIE 4364 - Unmanned Ground Vehicle Technology III},
	volume = {4364},
	pages = {192-199},
	year = {2001},
	doi = {10.1117/12.439978},
}

@article{Organiscak2004a,
	author = {Organiscak, J. A.  and  Randolph reed, W. M. },
	title = {Characteristics of Fugitive Dust Generated from Unpaved Mine Haulage Roads},
	journal = {International Journal of Surface Mining, Reclamation and Environment},
	volume = {18},
	number = {4},
	pages = {236-252},
	year = {2004},
	doi = {10.1080/1389526042000263333},
}

@article{Hautiere2008a,
	title={Perception through scattering media for autonomous vehicles},
	author={Hauti{\`e}re, N. and Labayrade, R. and Boussard, C. and Tarel, J-P. and Aubert, D.},
	journal={Autonomous Robots Research Advances. Nova Science Publishers, Inc},
	pages={223--267},
	year={2008}
}

@InProceedings{Mulinti2012a,
	Title                    = {Particle suspension by a forced jet impinging on a mobile sediment bed},
	Author                   = {Mulinti, R. and Kiger, K. T.},
	Booktitle                = {Proceedings of the 16th international symposium on applications of laser techniques to fluid mechanics, Lisbon, Portugal},
	Year                     = {2012},
	Pages                    = {09--12},
}

@InProceedings{Kiger2014a,
	Title                    = {Effect of bed form evolution on sediment erosion and suspended load transport in an impinging jet},
	Author                   = {Kiger, K. T. and Corfman, K. and Mulinti, R.},
	Booktitle                = {Proceedings of the 17th international symposium on applications of laser techniques to fluid mechanics, Lisbon, Portugal},
	Year                     = {2014},
}

@ARTICLE{Henry2012a,
	author = {Henry, C. and Minier, J.-P. and Lef\'{e}vre, G.},
	title = {Towards a description of particulate fouling: From single particle
	deposition to clogging },
	journal = {Advances in Colloid and Interface Science },
	year = {2012},
	volume = {185–186},
	pages = {34 - 76},
	number = {0},
	doi = {10.1016/j.cis.2012.10.001},
}

@ARTICLE{Tabakoff1999a,
	author = {W. Tabakoff},
	title = {Erosion resistance of superalloys and different coatings exposed
	to particulate flows at high temperature },
	journal = {Surface and Coatings Technology },
	year = {1999},
	volume = {120–121},
	pages = {542 - 547},
	number = {0},
	doi = {10.1016/S0257-8972(99)00434-X},
}

@PhdThesis{Gnanamanickam2010a,
	Title                    = {Unsteady wall shear stress measurements in fluid flows},
	Author                   = {Gnanamanickam, E. P.},
	School                   = {Purdue University},
	Year                     = {2010},	
}

@article{Bhatt2014a,
	title={Turbulent structures in a wall jet},
	author={Bhatt, S. and Artham, S. and Mankbadi, R. and Gnanamanickam, E.},
	journal={Bulletin of the American Physical Society},
	volume={59},
	year={2014},
	publisher={American Physical Society},
	doi={http://meetings.aps.org/link/BAPS.2014.DFD.G27.10},
}

@ARTICLE{Xuan2004a,
	author = {Xuan, J.},
	title = {Turbulence factors for threshold velocity and emission rate of atmospheric
	mineral dust },
	journal = {Atmospheric Environment },
	year = {2004},
	volume = {38},
	pages = {1777 - 1783},
	number = {12},
	doi = {10.1016/j.atmosenv.2003.12.030},
}

@book{Bagnold1941a,
	title={The physics of wind blown sand and desert dunes},
	author={Bagnold, R. A.},
	publisher={Methuen, London},
	year={1941}
}

@book{Shao2008a,
	Author = {Yaping, S.},
	Title = {Physics and Modelling of Wind Erosion},
	Publisher = {Springer},
	Year = {2008},
}

@MASTERSTHESIS{Reel2014a,
	author = {Reel, J. L.},
	title = {Mechanisms of Vortex-Induced Particle Transport from a Mobile Bed
	below a Hovering Rotor},
	year = {2014},
	school = {University of Maryland, College Park},
	file = {Reel2014a.pdf:TwoPhase\\Thesis\\Reel2014a.pdf:PDF}
}

@MASTERSTHESIS{Baharani2011a,
	author = {Baharani, A. K.},
	title = {Investigation into the Effects of Aeolian Scaling Parameters on Sediment
	Mobilization below a Hovering Rotor},
	year = {2011},
	school = {University of Maryland, College Park},
	file = {Baharani2011a.pdf:TwoPhase\\Thesis\\Baharani2011a.pdf:PDF}
}

@MASTERSTHESIS{Sydney2012a,
	author = {Sydney, A. J.},
	title = {Understanding brownout using dual-phase particle image velocimetry
	measurements},
	school = {University of Maryland, College Park},
	year = {2012}
}

@Misc{web3,
	title= {\url{http://www.cdio.org/}},
	year = {2015},
}

@Misc{awst2013a,
	title = {Aviation Week {\&} Space Technology},
	month = {August},
	year = {2013},
}

@book{Lee2004a,
	Author = {Lee, V. S.},
	Title = {Teaching and Learning Through Inquiry: A Guidebook for Institutions and Instructors},
	Publisher = {Stylus Publishing},
	Year = {2004},
}

@Misc{Lane2007a,
	Title = {Inquiry-based learning},
	Author = {Lane, J. L.},
	year = {2007},
	school = {Schreyer Institute for Teaching Excellence, Penn State, University Park},
	
}

@Misc{NDTTI,
	title={\url{http://www.ndtwt.org/Blackboard/P2SST2/inqu.htm}},
	year = {2002},
	pages = {46},
}

@Misc{web4,
	title={http://www.gdrc.org/kmgmt/c-learn/what-is-cl.html},
	year={2015}
}

@book{Barkley2004a,
	Author = {Barkley, E. F. and Cross K. P. and Major, C. H.},
	Title = {Collaborative Learning Techniques: A Handbook for College Faculty},
	Publisher = {Jossey-Bass},
	Year = {2004},
}

@article{Hmelo2007a,
	title={Scaffolding and achievement in problem-based and inquiry learning: A response to Kirschner, Sweller, and Clark (2006)},
	author={Hmelo-Silver, C. E. and Duncan, R. G. and Chinn, C. A.},
	journal={Educational Psychologist},
	volume={42},
	number={2},
	pages={99--107},
	year={2007},
	publisher={Taylor \& Francis}
}

@article{Marx2004a,
	title={Inquiry-based science in the middle grades: Assessment of learning in urban systemic reform},
	author={Marx, R. W. and Blumenfeld, P. C. and Krajcik, J. S. and Fishman, B. and Soloway, E. and Geier, R. and Tal, R. T.},
	journal={Journal of Research in Science Teaching},
	volume={41},
	number={10},
	pages={1063--1080},
	year={2004},
	doi={10.1002/tea.20039}
}

@article{Gormally2009a,
	title={Effects of inquiry-based learning on students' science literacy skills and confidence},
	author={Gormally, C. and Brickman, P. and Hallar, B. and Armstrong, N.s},
	journal={International Journal for the Scholarship of Teaching and Learning},
	volume={3},
	number={2},
	pages={16},
	doi={http://digitalcommons.georgiasouthern.edu/ij-sotl/vol3/iss2/16},
	year={2009}
}

@article{Gokhale1995a,
	title={Collaborative learning enhances critical thinking},
	author={Gokhale, A. A.},
	year={1995},
	publisher={Digital Library and Archives of the Virginia Tech University Libraries}
}

@article{Terenzini2001a,
	title={Collaborative Learning vs. Lecture/Discussion: Students' Reported Learning Gains},
	author={Terenzini, P. T. and Cabrera, A. F. and Colbeck, C. L. and Parente, J. M. and Bjorklund, S. A.},
	journal={Journal of Engineering Education},
	volume={90},
	number={1},
	pages={123--130},
	year={2001},
	doi = {10.1002/j.2168-9830.2001.tb00579.x}
}

@article{Springer1999a,
	title={Effects of small-group learning on undergraduates in science, mathematics, engineering, and technology: A meta-analysis},
	author={Springer, L. and Stanne, M. E. and Donovan, S. S.},
	journal={Review of educational research},
	volume={69},
	number={1},
	pages={21--51},
	year={1999},
	doi={http://www.jstor.org/stable/1170643}
}

@Misc{web5,
	title={\url{http://www.purdueexponent.org/features/article_40be11b9-45c1-5422-818b-a1b9d051848c.html}},
	year = {2008},
}

@Misc{web8,
	title={\url{http://www.rmbcc.net/}},
	year = {2015},
}

@Misc{web6,
	title={http://www.movoto.com/blog/top-ten/dangerous-small-cities/},
	year={2014},
}

@article{Neakrase2010a,
	title = "Dust devil sediment flux on Earth and Mars: Laboratory simulations ",
	journal = "Icarus ",
	volume = "206",
	number = "1",
	pages = "306 - 318",
	year = "2010",
	note = "Solar Wind Interactions with Mars ",
	issn = "0019-1035",
	doi = "10.1016/j.icarus.2009.08.028",
	author = "Neakrase, L. D. V. and Greeley, R.",
}


@Article{Liu2015a,
	Title                    = {Simultaneous {PIV} measurements of fluid and particle velocity fields of a sediment-laden buoyant jet },
	Author                   = {P. Liu and K. M. Lam},
	Journal                  = {Journal of Hydro-environment Research },
	Year                     = {2015},
	Note                     = {Special Issue on Environmental Hydraulics },
	Number                   = {2},
	Pages                    = {314 - 323},
	Volume                   = {9},
	Doi                      = {10.1016/j.jher.2014.07.007},
}

@ARTICLE{Jacobi2011a,
	author = {Jacobi, I. and McKeon, B. J.},
	title = {Dynamic roughness perturbation of a turbulent boundary layer},
	journal = {Journal of Fluid Mechanics},
	year = {2011},
	volume = {688},
	pages = {258},
	doi= {10.1017/jfm.2011.375 },
}

@ARTICLE{Nugroho2013a,
	author = {Nugroho, B. and Hutchins, N. and Monty, J. P.},
	title = {Large-scale spanwise periodicity in a turbulent boundary layer induced
	by highly ordered and directional surface roughness},
	journal = {International Journal of Heat and Fluid Flow},
	year = {2013},
	volume = {41},
	pages = {90 - 102},
	doi = {10.1016/j.ijheatfluidflow.2013.04.003}
}

@ARTICLE{Hutchins2011a,
	author = {Hutchins, N. and Monty, J. P. and Ganapathisubramani, B. and Ng, H. C. H.
	and Marusic, I.},
	title = {Three-dimensional conditional structure of a high-Reynolds-number
	turbulent boundary layer},
	journal = {Journal of Fluid Mechanics},
	year = {2011},
	volume = {673},
	pages = {255 - 285},
	url = {10.1017/S0022112010006245}
}

@ARTICLE{Christensen2001a,
	author = {Christensen, K. T. and Adrian, R. J.},
	title = {Statistical evidence of hairpin vortex packets in wall turbulence},
	journal = {Journal of Fluid Mechanics},
	year = {2001},
	volume = { 431},
	pages = {433 - 43},
	url = {10.1017/S0022112001003512}
}

@ARTICLE{Kostas2005a,
	author = {Kostas, J. and Soria, J. and Chong, M. S.},
	title = {A comparison between snapshot POD analysis of PIV velocity and vorticity
	data},
	journal = {Experiments in Fluids},
	year = {2005},
	volume = {38},
	pages = {146 - 160},
	number = {2},
	url = {10.1007/s00348-004-0873-4}
}

@ARTICLE{Beghein2014a,
	author = {Beghein, C. and Allery, C. and Wacawczyk, M. and Pozorski, J.},
	title = {Application of POD-based dynamical systems to dispersion and deposition
	of particles in turbulent channel flow},
	journal = {International Journal of Multiphase Flow},
	year = {2014},
	volume = {58},
	pages = {97 - 113},
	url = {10.1016/j.ijmultiphaseflow.2013.09.001}
}

@ARTICLE{Sahu2014a,
	author = {Sahu, S. and Hardalupas, Y. and Taylor, A. M. K. P.},
	title = {Droplet--turbulence interaction in a confined polydispersed spray:
	effect of droplet size and flow length scales on spatial droplet--gas
	velocity correlations},
	journal = {Journal of Fluid Mechanics},
	year = {2014},
	volume = {741},
	pages = {98--138},
	doi = {10.1017/jfm.2013.676},
}

@Misc{web7,
	title={\url{http://www.cospheric.com/}},
	year={2015},
}

@Article{Longmire1994a,
	Title                    = {Active open-loop control of particle dispersion of round jets},
	Author                   = {Longmire, E. K.},
	Journal                  = {AIAA journal},
	Year                     = {1994},
	Number                   = {3},
	Pages                    = {555 - 563},
	Volume                   = {32},
	doit= {10.2514/3.12021}
}

@Article{Tamburello2008a,
	Title                    = {Active manipulation of a particle-laden jet },
	Author                   = {D.A. Tamburello and M. Amitay},
	Journal                  = {International Journal of Multiphase Flow },
	Year                     = {2008},
	Number                   = {9},
	Pages                    = {829 - 851},
	Volume                   = {34},
	Doi                      = {10.1016/j.ijmultiphaseflow.2008.02.006},
}

@Misc{web_ranking,
	title={\url{http://colleges.usnews.rankingsandreviews.com/best-colleges/rankings/engineering-aerospace-aeronautical-astronautical}},
	year= {2014},	
}

@Article{Zhou1993a,
	Title                    = {Parameters governing the turbulent wall jet in an external stream},
	Author                   = {Zhou, M. D. and Wygnanski, I.},
	Journal                  = {AIAA journal},
	Year                     = {1993},
	Number                   = {5},
	Pages                    = {848 - 853},
	Volume                   = {31},
}

@Article{Pouransari2014a,
	Title                    = {Reynolds Number Effects on Statistics and Structure of an Isothermal Reacting Turbulent Wall-Jet},
	Author                   = {Pouransari, Zeinab and Vervisch, Luc and Johansson, ArneV.},
	Journal                  = {Flow, Turbulence and Combustion},
	Year                     = {2014},
	Number                   = {4},
	Pages                    = {931-945},
	Volume                   = {92},
	Doi                      = {10.1007/s10494-014-9539-3},
}

@ARTICLE{Chung2010a,
	author = {Chung, D. and McKeon, B. J.},
	title = {Large-eddy simulation of large-scale structures in long channel flow},
	journal = {Journal of Fluid Mechanics},
	year = {2010},
	volume = {661},
	pages = {341 - 364},
	doi = {10.1017/S0022112010002995}
}

@ARTICLE{Duvvuri2015a,
	author = {Duvvuri, S. and McKeon, B. J.},
	title = {Triadic scale interactions in a turbulent boundary layer},
	journal = {Journal of Fluid Mechanics},
	year = {2015},
	volume = {767},
	DOI = {10.1017/jfm.2015.79}
}

@article{Wilkinson1990a,
	title={Interactive wall turbulence control},
	author={Wilkinson, S. P.},
	journal={Viscous drag reduction in boundary layers},
	volume={1},
	pages={479--509},
	year={1990}
}

@Article{Viswanath2002a,
	Title                    = {Aircraft viscous drag reduction using riblets},
	Author                   = {Viswanath, P. R.},
	Journal                  = {Progress in Aerospace Sciences},
	Year                     = {2002},
	Number                   = {6-7},
	Pages                    = {571 - 600},
	Volume                   = {38},
	DOI                      = {10.1016/S0376-0421(02)00048-9}
}

@InProceedings{Bushnell2003a,
	Title                    = {Aircraft drag reduction - A review},
	Author                   = {Bushnell, D. M.},
	Year                     = {2003},
	Pages                    = {1 - 18},
	Volume                   = {217},
	booktitle                  = {Proceedings of the Institution of Mechanical Engineers, Part G: Journal of Aerospace Engineering},
	doi                      = {10.1243/095441003763031798}
}

@Article{Spalart2011a,
	Title                    = {Drag reduction: Enticing turbulence, and then an industry},
	Author                   = {Spalart, P, R. and Mclean, J. D.},
	Journal                  = {Philosophical Transactions of the Royal Society A: Mathematical, Physical and Engineering Sciences},
	Year                     = {2011},
	Number                   = {1940},
	Pages                    = {1556 - 1569},
	Volume                   = {369},
	doi                      = {10.1098/rsta.2010.0369}
}

@Article{Garcia-Mayoral2011a,
	Title                    = {Drag reduction by riblets},
	Author                   = {Garcia-Mayoral, R. and Jimenez, J.},
	Journal                  = {Philosophical Transactions of the Royal Society A: Mathematical, Physical and Engineering Sciences},
	Year                     = {2011},
	Number                   = {1940},
	Pages                    = {1412 - 1427},
	Volume                   = {369},
	doi                      = {10.1098/rsta.2010.0359}
}

@Article{Dean2010a,
	Title                    = {Shark-skin surfaces for fluid-drag reduction in turbulent flow: A review},
	Author                   = {Dean, B. and Bhushan, B.},
	Journal                  = {Philosophical Transactions of the Royal Society A: Mathematical, Physical and Engineering Sciences},
	Year                     = {2010},
	Number                   = {1929},
	Pages                    = {4775 - 4806},
	Volume                   = {368},
	doi                      = {10.1098/rsta.2010.0201}
}


@Article{Cattafesta2011a,
	Title                    = {Actuators for active flow control},
	Author                   = {Cattafesta, L. N. and Sheplak, M.},
	Journal                  = {Annual Review of Fluid Mechanics},
	Year                     = {2011},
	Pages                    = {247 - 272},
	Volume                   = {43},
	doi                      = {10.1146/annurev-fluid-122109-160634}
}

@Article{Glezer2002a,
	Title                    = {Synthetic jets},
	Author                   = {Glezer, A. and Amitay, M.},
	Journal                  = {Annual Review of Fluid Mechanics},
	Year                     = {2002},
	Number                   = {1},
	Pages                    = {503--529},
	Volume                   = {34},
	doi    					={10.1146/annurev.fluid.34.090501.094913}
}

@article{Moreau2007a,
	author={Moreau, E.},
	title={Airflow control by non-thermal plasma actuators},
	journal={Journal of Physics D: Applied Physics},
	volume={40},
	number={3},
	pages={605},
	year={2007},
	doi={10.1088/0022-3727/40/3/S01}
}

@Misc{usdot,
	title = {http://www.transtats.bts.gov/fuel.asp},
	year = {2015}
}

@ARTICLE{Bogard2006a,
	author = {Bogard, D. G. and Thole, K. A.},
	title = {Gas Turbine Film Cooling},
	journal = {Journal of Propulsion and Power},
	year = {2006},
	volume = {22},
	pages = {249--270},
	number = {2},
	doi = {10.2514/1.18034},
}

@ARTICLE{Mayhew2003a,
	author = {Mayhew, J. E. and Baughn, J. W. and Byerley, A. R.},
	title = {The effect of freestream turbulence on film cooling adiabatic effectiveness},
	journal = {International Journal of Heat and Fluid Flow },
	year = {2003},
	volume = {24},
	pages = {669 - 679},
	number = {5},
	doi = {10.1016/S0142-727X(03)00081-X},
}

@ARTICLE{Dejoan2005a,
	author = {Dejoan, A. and Leschziner, M. A.},
	title = {Large eddy simulation of a plane turbulent wall jet},
	journal = {Physics of Fluids},
	year = {2005},
	volume = {17},
	pages = {1 - 16},
	number = {2},
	doi={10.1063/1.1833413}	
}

@ARTICLE{Dejoan2006a,
	author = {Dejoan, A. and Wang, C. and Leschziner, M. A.},
	title = {Assessment of Turbulence Models for Predicting the Interaction Region
	in a Wall Jet by Reference to LES Solution and Budgets},
	journal = {Flow Turbulence and Combustion},
	year = {2006},
	volume = {77},
	pages = {229-255},
	number = {1-4},
	doi={10.1007/s10494-006-9045-3}
}

@article{Gnanamanickam2015b,
	title={Large-scale motions in a plane wall jet},
	author={Gnanamanickam, E. and Bhatt, S. and Jonathan, L. },
	journal={Bulletin of the American Physical Society},
	volume={60},
	year={2015 (to be presented)},
	publisher={American Physical Society},
	doi={http://meetings.aps.org/Meeting/DFD15/Session/E19.5}
}

@article{Jambunathan1992a,
	title = "A review of heat transfer data for single circular jet impingement ",
	journal = "International Journal of Heat and Fluid Flow ",
	volume = "13",
	number = "2",
	pages = "106 - 115",
	year = "1992",
	note = "",
	issn = "0142-727X",
	doi = "10.1016/0142-727X(92)90017-4",
	author = "Jambunathan, K. and Lai, E. and Moss, M. A. and Button, B. L.",
}

@article{Looney1984a,
	author = {Looney, M. K. and Walsh, J. J.},
	title = {Mean-flow and turbulent characteristics of free and impinging jet flows},
	journal = {Journal of Fluid Mechanics},
	volume = {147},
	month = {10},
	year = {1984},
	issn = {1469-7645},
	pages = {397--429},
	numpages = {33},
	doi = {10.1017/S0022112084002147},
}


@article{Agarwal1982a,
	Author = {Agarwal, R. K. and Bower, W.},
	Journal = {AIAA Journal},
	Number = {5},
	Pages = {577--584},
	doi = {10.2514/3.51113},
	Volume = {20},
	Year = {1982},
	title = {Navier-Stokes Computations of Turbulent Compressible Two-Dimensional Impinging Jet Flowfields}
}

@Article{Schoppa2002a,
	Title                    = {Coherent structure generation in near-wall turbulence},
	Author                   = {Schoppa, W. and Hussain, F.},
	Journal                  = {Journal of Fluid Mechanics},
	Year                     = {2002},
	Pages                    = {57 - 108},
	Volume                   = {453},
	doi                      = {10.1017/S002211200100667X}
}

@Article{Stanislas2008a,
	Title                    = {Vortical structures in the turbulent boundary layer: a possible route to a universal representation},
	Author                   = {Stanislas, M. and Perret, L. and Foucaut, J. M.},
	Journal                  = {Journal of Fluid Mechanics},
	Year                     = {2008},
	Pages                    = {327-382},
	Volume                   = {602},
	doi={10.1017/S0022112008000803}	

}

@Article{Adrian2007a,
	Title                    = {Hairpin vortex organization in wall turbulencea},
	Author                   = {Adrian, R. J.},
	Journal                  = {Physics of Fluids},
	Year                     = {2007},
	Number                   = {4},
	Volume                   = {19},
	doi                      = {10.1063/1.2717527}
}

@Article{Zhou1999a,
	Title                    = {Mechanisms for generating coherent packets of hairpin vortices in channel flow},
	Author                   = {Zhou, J. and Adrian, R. J. and Balachandar, S. and Kendall, T. M.},
	Journal                  = {Journal of Fluid Mechanics},
	Year                     = {1999},
	Pages                    = {353 - 396},
	Volume                   = {387},
	doi                      = {10.1017/S002211209900467X}
}

@Article{Adrian2000b,
	Title                    = {Vortex organization in the outer region of the turbulent boundary layer},
	Author                   = {Adrian, R. J. and Meinhart, C. D. and Tomkins, C. D.},
	Journal                  = {Journal of Fluid Mechanics},
	Year                     = {2000},
	Pages                    = {1 - 54},
	Volume                   = {422},
	doi={10.1017/S0022112000001580}
}

@Article{Hutchins2005a,
	Title                    = {Inclined cross-stream stereo particle image velocimetry measurements in turbulent boundary layers},
	Author                   = {Hutchins, N. and Hambleton, W. T. and Marusic, I.},
	Journal                  = {Journal of Fluid Mechanics},
	Year                     = {2005},
	Pages                    = {21 - 54},
	Volume                   = {541},
	doi                      = {http://dx.doi.org/10.1017/S0022112005005872}
}

@Article{Bernardini2011a,
	Title                    = {Inner/outer layer interactions in turbulent boundary layers: A refined measure for the large-scale amplitude modulation mechanism},
	Author                   = {Bernardini, M. and Pirozzoli, S.},
	Journal                  = {Physics of Fluids },
	Year                     = {2011},
	Number                   = {6},
	Pages                    = {-},
	Volume                   = {23},
	Doi                      = {10.1063/1.3589345},
}

@Article{Jacobi2013a,
	Title                    = {Phase relationships between large and small scales in the turbulent boundary layer},
	Author                   = {Jacobi, I. and McKeon, B. J.},
	Journal                  = {Experiments in Fluids},
	Year                     = {2013},
	Number                   = {3},
	Volume                   = {54},
	doi                      = {10.1007/s00348-013-1481-y}
}

@Article{Guala2011a,
	Title                    = {Interactions within the turbulent boundary layer at high Reynolds number},
	Author                   = {Guala, M. and Metzger, M. and McKeon, B. J.},
	Journal                  = {Journal of Fluid Mechanics},
	Year                     = {2011},
	Pages                    = {573 - 604},
	Volume                   = {666},
	doi                      = {10.1017/S0022112010004544}
}

@Article{Harun2013a,
	Title                    = {Pressure gradient effects on the large-scale structure of turbulent boundary layers},
	Author                   = {Harun, Z. and Monty, J. P. and Mathis, R. and Marusic, I.},
	Journal                  = {Journal of Fluid Mechanics},
	Year                     = {2013},
	Pages                    = {477 - 498},
	doi                      = {10.1017/jfm.2012.531}
}

@Article{Baars2015a,
	Title                    = {Wavelet analysis of wall turbulence to study large-scale modulation of small scales},
	Author                   = {Baars, W. J. and Talluru, K. M. and Hutchins, N. and Marusic, I.},
	Journal                  = {Experiments in Fluids},
	Year                     = {2015},
	Number                   = {10},
	Volume                   = {56},
	Doi                      = {10.1007/s00348-015-2058-8},
}


@Article{Fiscaletti2015a,
	Title                    = {Amplitude and frequency modulation of the small scales in a jet},
	Author                   = {Fiscaletti, D. and Ganapathisubramani, B. and Elsinga, G. E.},
	Journal                  = {Journal of Fluid Mechanics},
	Year                     = {2015},	
	Month                    = {6},
	Pages                    = {756--783},
	Volume                   = {772},
	Doi                      = {10.1017/jfm.2015.227},
}

@Article{Buxton2014a,
	Title                    = {Concurrent scale interactions in the far-field of a turbulent mixing layer},
	Author                   = {Buxton, O. R. H. and Ganapathisubramani, B.},
	Journal                  = {Physics of Fluids},
	Year                     = {2014},
	Number                   = {12},
	Pages                    = {125106},
	Volume                   = {26},
	doi={10.1063/1.4903970}
}

@ARTICLE{Brown1977a,
	author = {Brown, G. L. and Thomas, A. S. W.},
	title = {Large structure in a turbulent boundary layer},
	journal = {Physics of Fluids},
	year = {1977},
	volume = {20},
	pages = {S243-S252},
	number = {10},
	doi = {10.1063/1.861737},
}

@ARTICLE{Bandyopadhyay1984a,
	author = {Bandyopadhyay, P. R. and Hussain, A. K. M. F.},
	title = {The coupling between scales in shear flows},
	journal = {Physics of Fluids},
	year = {1984},
	volume = {27},
	pages = {2221 - 2228},
	number = {9},
	doi = {0.1063/1.864901}
}

@ARTICLE{Deck2014a,
	author = {Deck, S. and Renard, N. and Laraufie, R. and Weiss,P.-E.},
	title = {Large-scale contribution to mean wall shear stress in high-Reynolds-number
	flat-plate boundary layers up to Reθ=13650},
	journal = {Journal of Fluid Mechanics},
	year = {2014},
	volume = {743},
	pages = {202--248},
	month = {3},
	doi = {10.1017/jfm.2013.629},
}

@ARTICLE{Fukagata2002a,
	author = {Fukagata, K. and Iwamoto, K. and Kasagi, N.},
	title = {Contribution of Reynolds stress distribution to the skin friction
	in wall-bounded flows},
	journal = {Physics of Fluids},
	year = {2002},
	volume = {14},
	pages = {L73 - L76},
	number = {11},
	doi = {10.1063/1.1516779}
}

@article{Antonia1988,
	author = {Antonia, R. A. and Fulachier, L. and Krishnamoorthy, L. V. and Benabid, T. and Anselmet, F.},
	title = {Influence of wall suction on the organized motion in a turbulent boundary layer},
	journal = {Journal of Fluid Mechanics},
	volume = {190},
	month = {5},
	year = {1988},
	issn = {1469-7645},
	pages = {217--240},
	numpages = {24},
	doi = {10.1017/S0022112088001296},
}

@article{Park1999a,
	author = "Park, J. and Choi, H.",
	title = "Effects of uniform blowing or suction from a spanwise slot on a turbulent boundary layer flow",
	journal = "Physics of Fluids",
	year = "1999",
	volume = "11",
	number = "10", 
	pages = "3095-3105",
	doi = "10.1063/1.870167" 
}

@ARTICLE{Duggleby2007a,
	author = {Duggleby, A. and Ball, K. S. and Paul, M. R.},
	title = {The effect of spanwise wall oscillation on turbulent pipe flow sturctures
	resulting in drag reduction},
	journal = {Physics of Fluids},
	year = {2007},
	volume = {19},
	number = {12},
	doi = {10.1063/1.2825428},
}

@ARTICLE{Choi2002a,
	author = {Choi, K.-S.},
	title = {Near-wall structure of turbulent boundary layer with spanwise-wall
	oscillation},
	journal = {Physics of Fluids},
	year = {2002},
	volume = {14},
	pages = {2530 - 2542},
	number = {7},
	doi = {10.1063/1.1477922},
}

@ARTICLE{Schoppa1998a,
	author = {Schoppa, W. and Hussain, F.},
	title = {A large-scale control strategy for drag reduction in turbulent boundary
	layers},
	journal = {Physics of Fluids},
	year = {1998},
	volume = {10},
	doi = {10.1063/1.869789},
}

@ARTICLE{Iuso2002a,
	author = {Iuso, G. and Onorato, M. and Spazzini, P. G. and
	Di Cicca, G. M.},
	title = {Wall turbulence manipulation by large-scale streamwise vortices},
	journal = {Journal of Fluid Mechanics},
	year = {2002},
	volume = {473},
	pages = {23 - 58},
	doi = {10.1017/S0022112002002574},
}

@ARTICLE{Rebbeck2001a,
	author = {Rebbeck, H. and Choi, K.-S.},
	title = {Opposition control of near-wall turbulence with a piston-type actuator},
	journal = {Physics of Fluids},
	year = {2001},
	volume = {13},
	pages = {2142-2145},
	number = {8},
	doi = {10.1063/1.1381563},
}

@ARTICLE{Kang2008a,
	author = {Kang, Y.-D. and Choi, K.-S. and Chun, H. H.},
	title = {Direct intervention of hairpin structures for turbulent boundary-layer
	control},
	journal = {Physics of Fluids},
	year = {2008},
	volume = {20},
	pages = {-},
	number = {10},
	doi = {10.1063/1.3006346},
}

@article{Anders1990a,
	title={Outer-layer manipulators for turbulent drag reduction},
	author={Anders, J. B.},
	journal={Viscous Drag Reduction in Boundary Layers},
	volume={123},
	pages={263--284},
	year={1990},
	publisher={AIAA}
}

@Article{Jacobi2011b,
	Title                    = {New perspectives on the impulsive roughness-perturbation of a turbulent boundary layer},
	Author                   = {Jacobi, I. and McKeon, B. J.},
	Journal                  = {Journal of Fluid Mechanics},
	Year                     = {2011},
	Month                    = {6},
	Pages                    = {179--203},
	Volume                   = {677},
	Doi                      = {10.1017/jfm.2011.75},
}

@PhdThesis{Kulandaivelu2011a,
	Title                    = {Evolution and structure of zero pressure gradient turbulent boundary layer},
	Author                   = {Kulandaivelu, V.},
	Year                     = {2011},
	school              = {University of Melbourne}
}

@book{Bruun1995a,
	author        = "Bruun, H. H.",
	title         = "{Hot-wire anemometry: principles and signal analysis}",
	publisher     = "Oxford Univ. Press",
	address       = "Oxford",
	series        = "Oxford science publications",
	year          = "1995",
}

@Article{Hutchins2009a,
	Title                    = {Hot-wire spatial resolution issues in wall-bounded turbulence},
	Author                   = {Hutchins, N. and Nickels, T. B. and Marusic, I. and Chong, M. S.},
	Journal                  = {Journal of Fluid Mechanics},
	Year                     = {2009},
	Pages                    = {103 - 136},
	Volume                   = {635},
	doi                      = {10.1017/S0022112009007721}
}

@book{Schlichting1968a,
	title={Boundary-layer theory},
	author={Schlichting, H.},
	year={1968},
	publisher={McGraw-Hill}
}


@Article{Grobe2009a,
	Title                    = {Wall-shear stress patterns of coherent structures in turbulent duct flow},
	Author                   = {Gro{\textbeta}e, S. and Schr\"{o}der, W.},
	Journal                  = {Journal of Fluid Mechanics},
	Year                     = {2009},
	Pages                    = {147 - 58},
	Volume                   = { 633},
	doi                      = {10.1017/S0022112009007988}
}

@Article{Naughton2002a,
	Title                    = {Modern developments in shear-stress measurement},
	Author                   = {Naughton, J. W. and Sheplak, M.},
	Journal                  = {Progress in Aerospace Sciences},
	Year                     = {2002},
	Number                   = {6-7},
	Pages                    = {515 - 570},
	Volume                   = {38},
	Url                      = {10.1016/S0376-0421(02)00031-3}
}



@InProceedings{Gnanamanickam2015a,
	Title                    = {Tracking techniques for wall shear stress measurements using micro-pillars},
	Author                   = {Gnanamanickam, E. P. and Sullivan, J. and Monty, J. and Hutchins, N.},
	Booktitle                = {11$^{\mathrm{th}}$ International Symposium on Particle Image Velocimetry - PIV15},
	Year                     = {2015}
}

@conference{Gnanamanickam2013b,
	title={Measurement of turbulent wall shear stress in air using micro-pillars},
	author={Gnanamanickam, E. and Kevin, K. and Monty, J. and Hutchins, N.},
	booktitle={Bulletin of the American Physical Society},
	volume={58},
	year={2013},
	publisher={APS}
}

@book{Gad2000a, 
	author = "Gad-el-Hak, M.", 
	title = {Flow Control}, 
	publisher = {Cambridge University Press}, 
	year = {2000},
}

@Article{Savill1988a,
	Title                    = {Manipulation of turbulent boundary layers by outer-layer devices: skin-friction and flow-visualization results},
	Author                   = {Savill, A. M. and Mumford, J. C.},
	Journal                  = {Journal of Fluid Mechanics},
	Year                     = {1988},
	Month                    = {6},
	Pages                    = {389--418},
	Volume                   = {191},
	Doi                      = {10.1017/S0022112088001624},
}

@Article{Tutkun2009a,
	author    = {Tutkun, M. and George, W. K. and Delville, J. and Stanislas, M. and Johansson, P. B. V. and Foucaut, J.-M. and Coudert, S.},
	title     = {Two-point correlations in high Reynolds number flat plate turbulent boundary layers},
	journal   = {J. Turb.},
	year      = {2009},
	volume    = {10},
	pages     = {N21},
	doi       = {10.1080/14685240902878045},
}

@Article{Banyassady2015a,
	author    = {Banyassady, R. and Piomelli, U.},
	title     = {Interaction of inner and outer layers in plane and radial wall jets},
	journal   = {Journal of Turbulence},
	year      = {2015},
	volume    = {16},
	number    = {5},
	pages     = {460-483},
	doi       = {10.1080/14685248.2015.1008008},
}

@Article{Banyassady2014a,
	Title                    = {Turbulent plane wall jets over smooth and rough surfaces},
	Author                   = {Banyassady, R. and Piomelli, U.},
	Journal                  = {Journal of Turbulence},
	Year                     = {2014},
	Number                   = {3},
	Pages                    = {186-207},
	Volume                   = {15},
	Doi                      = {10.1080/14685248.2014.888492},
}

@Article{Schlatter2010a,
	Title                    = {Quantifying the interaction between large and small scales in wall-bounded turbulent flows: A note of caution},
	Author                   = {Schlatter, P. and Orlu, R.},
	Journal                  = {Physics of Fluids},
	Year                     = {2010},
	Number                   = {5},
	Pages                    = {1 - 4},
	Volume                   = {22},
	doi                      = {10.1063/1.3432488}
}

@book{Panton2013a,
  title={Incompressible Flow},
  author={Panton, Ronald L},
  year={2013},
  publisher={John Wiley \& Sons},
  chapter={7},
  pages={100-200}
}

@phdthesis{Tseng1983a,
  title={Nonlinear Green's function method for transonic potential flow},
  author={Tseng, K.},
  year={1983},
  school={Boston University}
}

@inproceedings{Thompson1989a,
  title={Spacecraft Thermal Control, Design, and Operation},
  author={Thompson, C. M.},
  booktitle={AIAA Guidance, Navigation, and Control Conference},
  volume={1},
  pages={103--115}
}